4366 5556
81 411 163 516 ἣν),
196 430 290 495 Isocr.
316 430 432 494 1295
460 414 522 520 (τῇ
547 410 728 513 πραότητι
752 418 798 520 τῇ
825 419 905 515 περὶ
933 412 998 489 τὸν
1023 412 1129 506 λόγον
1154 412 1231 517 ἣν]
1264 431 1413 496 uocabula
1440 431 1605 497 intcrioota
1632 434 1720 497 sunt:
1752 433 1844 500 Dum.

82 537 208 625 [42].2
240 520 301 625 (τῇ
334 523 418 626 ἕκτῃ
540 512 621 617 ἦν),
657 531 892 596 Isocr.5.130
919 518 979 624 (τῇ
1013 514 1166 614 δυνάμει
1192 515 1306 628 ταύτῃ
1414 517 1491 621 ἣν),
1527 554 1575 619 op,
1599 537 1629 602 4,
1656 527 1758 628 9]ῑῇ
1786 552 1844 624 pp.

81 628 305 727 λανδροιπίᾳ
333 626 377 727 τῇ
405 644 451 726 σῃ
552 615 627 717 ἥν).
662 663 712 675 -
745 634 835 700 Dum.
859 632 933 721 [25].
956 636 997 699 28
1020 624 1086 728 (τῇ
1119 626 1184 721 τῆς
1216 620 1437 714 βουλεύσεως
1469 619 1523 724 ἣν
1560 623 1672 716 αὐτὸς
1704 621 1845 716 διώκεις

80 735 235 836 amon
263 719 421 824 [ronco
447 737 481 801 F·
505 717 547 821 o·
1056 820 1062 842 ,

248 841 283 921 γ]
311 823 331 899 ὅ
356 842 478 906 manat:
509 838 600 905 Dum.
624 837 699 927 [47].
722 841 764 905 33
789 826 1016 927 (ψηφίσματι
1042 822 1089 915 ὁ),
1117 836 1193 948 [59].
1217 841 1258 904 33
1288 827 1352 926 (τῷ
1378 833 1569 927 τεθρίππῳ
1597 824 1643 921 ὅ).

250 928 286 1026 δ)
314 926 378 1019 οὓς
407 963 468 1009 non
495 946 543 1008 ost
571 945 743 1008 mutatum:
773 942 864 1008 Dum.
894 944 945 1008 15.
975 943 1015 1006 15
1045 926 1260 1024 (βαρβαροις
1293 933 1354 1002 καὶ
1388 928 1531 1021 δούλοις
1569 927 1666 1021 οὓς),
1705 946 1755 1010 19,
1780 948 1843 1011 216

81 1038 172 1130 (τοῖς
197 1031 383 1131 μάρτυσιν
401 1030 465 1123 οὕς
491 1038 558 1132 [οίς
578 1046 599 1111 S
626 1040 680 1124 οἱς
706 1047 742 1124 Υ,
766 1066 796 1113 u.
812 1047 950 1113 Voamol.
974 1046 1011 1112 ad
1038 1047 1069 1111 h.
1092 1044 1113 1109 l.
1131 1045 1158 1129 )‚
1191 1045 1281 1111 Dum.
1307 1048 1359 1111 22.
1383 1052 1424 1113 70
1446 1071 1479 1091 -
1501 1050 1553 1113 24.
1577 1050 1639 1115 178
1668 1035 1742 1127 (ἐπὶ
1768 1048 1844 1125 τοῖς

81 1136 276 1238 στεφάνοις
302 1133 337 1207 δ’
355 1132 453 1226 οὕς),
489 1151 628 1214 24.142
656 1144 747 1226 (τοῖς
773 1136 806 1210 δ’
826 1135 948 1210 αὐτῶν
974 1130 1115 1234 [νόμοις
1156 1130 1252 1225 οὓς),
1292 1150 1353 1214 194
1363 1106 1434 1232 ⁰(tu
1460 1133 1579 1210 ἅπασι
1607 1149 1682 1227 τοῖς
1709 1132 1841 1227 λόγοις,

80 1240 242 1330 ὁπόσους
268 1234 351 1332 ἄν),
378 1249 453 1338 [29]
476 1256 516 1319 56
545 1238 636 1336 (τοῖς
661 1235 844 1333 μάρτυσιν
870 1235 957 1329 οὕς),
985 1250 1058 1339 [50]
1081 1253 1122 1316 25
1153 1244 1162 1314 ί
1169 1250 1243 1327 τοῖς
1270 1235 1423 1329 ναύταις
1448 1236 1579 1336 οὕς)’),
1604 1272 1738 1337 prooem,
1753 1256 1842 1320 332

80 1342 216 1437 (λόγοις
248 1343 311 1415 καὶ
343 1338 427 1433 μάλ’
464 1338 649 1443 ἀφθόνοις
685 1338 781 1440 οὕς),
821 1355 968 1420 Aeschin.
991 1376 1039 1442 op.
1063 1358 1135 1422 2.5
1166 1341 1256 1435 (τοῖς
1290 1345 1418 1415 παισὶν
1454 1339 1550 1435 οὓς),
1590 1357 1683 1423 Isoor,
1717 1361 1747 1423 8,
1780 1361 1842 1423 112

80 1441 312 1543 [ἀνθρώποις
337 1440 425 1533 οὓς).

247 1552 277 1623 o
303 1541 349 1633 ἅς
373 1563 494 1625 manat:
518 1561 611 1626 Isocr.
636 1561 666 1624 5.
688 1561 730 1624 83
758 1546 853 1637 (ταῖς
879 1543 1027 1620 πόλεσιν
1054 1543 1125 1636 ἅς]
1152 1562 1182 1623 6.
1211 1561 1252 1624 89
1283 1551 1336 1634 [ἐν
1361 1560 1441 1636 ταῖς
1467 1543 1631 1641 α’τριίαις
1657 1545 1733 1639 όίς];
1764 1564 1841 1629 item

81 1667 179 1732 Isocr.
204 1664 256 1727 15.
277 1664 337 1728 207
363 1664 442 1741 ταῖς
468 1653 648 1739 διανοίαις
674 1653 784 1739 οἵας.

255 1748 286 1849 ζ)
310 1749 332 1825 δ’
354 1767 512 1850 integrum
535 1768 598 1831 ost:
628 1765 717 1830 Dum.
741 1768 793 1830 37.
817 1767 857 1829 12
879 1754 953 1840 (ἐπὶ
1045 1764 1120 1839 τοῖς
1147 1746 1393 1843 ἀνδραπόδοις
1420 1747 1469 1849 ἅ).
1497 1766 1591 1831 Isocr.
1617 1770 1672 1844 12,
1703 1771 1723 1832 3
1750 1753 1841 1851 (τοῖς

85 1865 186 1931 ἔτεσι
213 1868 282 1945 τοῖς
303 1854 514 1957 ἐνενήκοντα
541 1860 600 1930 καὶ
630 1863 818 1954 τέτταρσιν
844 1848 919 1943 ἀγοί
947 1845 1034 1949 [ἁγὼ
1063 1857 1098 1925 Γ
1120 1865 1309 1943 muitetur,
1332 1848 1383 1926 ὦν
1408 1851 1474 1944 s'yoi
1505 1853 1644 1957 u01g0]),

248 2125 333 2191 Haoo
354 2129 517 2210 postquam
540 2126 675 2210 exposui,
698 2126 820 2208 tompus
842 2125 890 2189 ost
911 2123 1018 2188 missis
1034 2122 1084 2187 his
1098 2122 1267 2188 leuioribus
1282 2123 1372 2188 robus
1387 2123 1425 2188 ad
1440 2126 1598 2191 strenuam
1614 2147 1665 2193 mc
1680 2129 1840 2212 accingere

86 2248 245 2314 puerorum
258 2228 466 2314 disciplinam.
503 2250 580 2313 quac
595 2229 714 2311 reliqua
729 2230 801 2293 sunt
816 2228 853 2293 dc
867 2227 1052 2293 attractione
1067 2226 1257 2311 pronominis
1272 2217 1348 2302 οἱος
1366 2227 1419 2308 (cf.
1436 2228 1559 2294 Kuohn.
1572 2229 1615 2295 II.
1631 2251 1701 2315 pag.
1718 2233 1790 2299 915.
1806 2235 1839 2313 3)

86 2336 120 2399 ct
139 2332 176 2399 da
194 2334 316 2400 inuersa
338 2354 415 2417 quaa
438 2335 552 2399 dicitur
565 2333 759 2408 attractione,
784 2331 967 2408 donicalia,
992 2332 1019 2397 si
1036 2350 1096 2415 qua
1111 2330 1273 2413 aliquando
1296 2330 1399 2395 oblata
1416 2332 1484 2403 orit.
1509 2335 1668 2400 occasione
1690 2335 1839 2401 dissororo

11 2454 16 2463 ·
83 2436 175 2502 malo.
217 2456 312 2502 unum
340 2440 451 2514 restat,
491 2440 526 2502 ut
553 2440 594 2509 to.
623 2437 763 2519 quisquis
787 2435 916 2519 lagonis,
952 2454 1036 2500 oram
1058 2437 1151 2519 atquo
1172 2453 1293 2518 rogam,
1328 2435 1460 2519 benigno
1483 2440 1518 2501 ut
1540 2438 1645 2503 animo
1663 2439 1780 2504 iudicas
1803 2439 1839 2503 ds

77 2539 194 2625 pusilla
214 2542 271 2606 hac
292 2542 523 2625 scriptiuncula.

247 2771 268 2837 ¹)
295 2770 427 2824 hocloco
451 2771 579 2825 attractio
601 2768 830 2823 uehementissime
853 2765 1028 2820 desideratur:
1054 2770 1127 2828 τοῖς
1148 2786 1180 2820 τε
1203 2759 1340 2827 ναύταις
1363 2758 1420 2829 οὓς
1443 2759 1529 2827 αὐτὸς
1552 2769 1581 2820 ἐκ
1605 2763 1650 2834 τῆς
1672 2763 1838 2839 Λαμψάκου

82 2846 256 2925 ‘panoniam
280 2854 337 2909 καί
359 2858 435 2916 τοῖς
459 2849 570 2927 ὕστερον
592 2849 789 2925 ἐπεμβᾶσιν.
